
@book{Best93,
    Author = {R. E. Best},
    Edition = {$6$th},
    Publisher = {McGraw Hill},
    Title = {Phase-Locked Loops: {T}heory, Design and Applications},
    Year = {1993}
}

@article{Abr90,
    Author = {D.Y. Abramovitch},
    Journal = {IEEE Transactions on Communications},
    Number = {12},
    Pages = {2197--2202},
    Title = {Lyapunov Redesign of Analog Phase-Lock Loops},
    Volume = {38},
    Year = {1990}
}
